<record><leader>00000cas a2200000 a 4500</leader><controlfield tag="001">17360746</controlfield><controlfield tag="008">880119d19021903wauwr ne      0    0eng d</controlfield><datafield ind1=" " ind2=" " tag="010"><subfield code="a">sn 88085270 </subfield></datafield><datafield ind1=" " ind2=" " tag="040"><subfield code="a">SLZ</subfield><subfield code="b">eng</subfield><subfield code="c">SLZ</subfield><subfield code="d">OCL</subfield><subfield code="d">OCLCQ</subfield><subfield code="d">OCLCF</subfield><subfield code="d">OCLCO</subfield></datafield><datafield ind1="1" ind2=" " tag="029"><subfield code="a">AU@</subfield><subfield code="b">000025813790</subfield></datafield><datafield ind1=" " ind2=" " tag="042"><subfield code="a">msc</subfield></datafield><datafield ind1=" " ind2=" " tag="043"><subfield code="a">n-us-wa</subfield></datafield><datafield ind1="0" ind2=" " tag="130"><subfield code="a">Saturday spectator (Spokane, Wash.)</subfield></datafield><datafield ind1="1" ind2="4" tag="245"><subfield code="a">The Saturday spectator.</subfield></datafield><datafield ind1=" " ind2=" " tag="260"><subfield code="a">Spokane, Wash. :</subfield><subfield code="b">Saturday Spectator Pub. Co.</subfield></datafield><datafield ind1=" " ind2=" " tag="300"><subfield code="a">v.</subfield></datafield><datafield ind1=" " ind2=" " tag="310"><subfield code="a">Weekly</subfield></datafield><datafield ind1="0" ind2=" " tag="362"><subfield code="a">10th yr., no. 528 (Aug. 9, 1902)-12th yr., no. 591 (Dec. 26, 1903).</subfield></datafield><datafield ind1=" " ind2="0" tag="651"><subfield code="a">Spokane (Wash.)</subfield><subfield code="v">Newspapers.</subfield></datafield><datafield ind1=" " ind2="7" tag="655"><subfield code="a">Newspapers.</subfield><subfield code="2">fast</subfield><subfield code="0">(OCoLC)fst01423814</subfield></datafield><datafield ind1=" " ind2="7" tag="651"><subfield code="a">Washington (State)</subfield><subfield code="z">Spokane.</subfield><subfield code="2">fast</subfield><subfield code="0">(OCoLC)fst01206731</subfield></datafield><datafield ind1=" " ind2=" " tag="752"><subfield code="a">United States</subfield><subfield code="b">Washington</subfield><subfield code="c">Spokane</subfield><subfield code="d">Spokane.</subfield></datafield><datafield ind1="0" ind2="0" tag="780"><subfield code="t">Outburst (Spokane, Wash. : 1892)</subfield><subfield code="w">(DLC)sn 88085271</subfield></datafield><datafield ind1="0" ind2="0" tag="785"><subfield code="t">Outburst (Spokane, Wash. : 1904)</subfield><subfield code="w">(DLC)sn 88085269</subfield></datafield></record>